<?xml version="1.0" encoding="UTF-8"?><collection xmlns="http://www.loc.gov/MARC21/slim"><record><leader>00497nam--2200193-i-4500</leader><controlfield tag="001">000031423</controlfield><controlfield tag="002">20161230</controlfield><controlfield tag="005">20161230201038</controlfield><controlfield tag="008">060222s1000------------r-----000-0-eng-d</controlfield><datafield ind1=" " ind2=" " tag="040"><subfield code="a">IFIN-HH</subfield></datafield><datafield ind1=" " ind2=" " tag="080"><subfield code="a">519.21</subfield></datafield><datafield ind1="1" ind2=" " tag="100"><subfield code="a">McKean, H. P</subfield></datafield><datafield ind1="1" ind2="0" tag="245"><subfield code="a">Stochastic integrals</subfield></datafield><datafield ind1=" " ind2=" " tag="260"><subfield code="a">New York, Academic Press, 1969</subfield></datafield><datafield ind1=" " ind2=" " tag="300"><subfield code="a">XIII + 140P</subfield></datafield><datafield ind1=" " ind2=" " tag="490"><subfield code="a">Probability And Mathematical Statistics</subfield></datafield><datafield ind1=" " ind2=" " tag="650"><subfield code="a">Stochastic integrals</subfield></datafield><datafield ind1=" " ind2=" " tag="852"><subfield code="a">32812</subfield><subfield code="c">519.2</subfield></datafield><datafield ind1=" " ind2=" " tag="CAT"><subfield code="a">Sys</subfield><subfield code="c">20100525</subfield><subfield code="h">125737</subfield></datafield></record></collection>